@book{skogestad2007multivariable,
	title={{M}ultivariable feedback control: analysis and design},
	author={Skogestad, Sigurd and Postlethwaite, Ian},
	volume={2},
	year={2007},
	publisher={John Wiley \& Sons}
}

@inproceedings{ARCHCOMP20NONLINEAR,
	author    = {Luca Geretti and
	Julien Alexandre Dit Sandretto and
	Matthias Althoff and
	Luis Benet and
	Alexandre Chapoutot and
	Xin Chen and
	Pieter Collins and
	Marcelo Forets and
	Daniel Freire and
	Fabian Immler and
	Niklas Kochdumper and
	David P. Sanders and
	Christian Schilling},
	title     = {{ARCH-COMP20} Category Report: Continuous and Hybrid Systems with
	Nonlinear Dynamics},
	booktitle = {{ARCH}},
	series    = {EPiC Series in Computing},
	volume    = {74},
	pages     = {49--75},
	publisher = {EasyChair},
	year      = {2020},
	doi       = {10.29007/zkf6},
	timestamp = {Sun, 15 Aug 2021 00:16:52 +0200},
	biburl    = {https://dblp.org/rec/conf/arch/GerettiSABCCCFF20.bib},
	bibsource = {dblp computer science bibliography, https://dblp.org}
}

@inproceedings{ARCHCOMP20LINEAR,
	author    = {Matthias Althoff and
	Stanley Bak and
	Zongnan Bao and
	Marcelo Forets and
	Goran Frehse and
	Daniel Freire and
	Niklas Kochdumper and
	Yangge Li and
	Sayan Mitra and
	Rajarshi Ray and
	Christian Schilling and
	Stefan Schupp and
	Mark Wetzlinger},
	title     = {{ARCH-COMP20} Category Report: Continuous and Hybrid Systems with
	Linear Continuous Dynamics},
	booktitle = {{ARCH}},
	series    = {EPiC Series in Computing},
	volume    = {74},
	pages     = {16--48},
	publisher = {EasyChair},
	year      = {2020},
	doi       = {10.29007/7dt2},
	timestamp = {Sun, 15 Aug 2021 00:16:52 +0200},
	biburl    = {https://dblp.org/rec/conf/arch/AlthoffBBFFFKLM20.bib},
	bibsource = {dblp computer science bibliography, https://dblp.org}
}

@misc{legat2021polyhedra,
	author       = {Beno√Æt Legat and
	Robin Deits and
	Gustavo Goretkin and
	Twan Koolen and
	Joey Huchette and
	Daisuke Oyama and
	Marcelo Forets},
	title        = {{J}ulia{P}olyhedra/{P}olyhedra.jl: v0.6.16},
	month        = jun,
	year         = 2021,
	publisher    = {Zenodo},
	version      = {v0.6.16},
	doi          = {10.5281/zenodo.4993670},
}

@misc{legat2020mathoptinterface,
	title = {MathOptInterface: a data structure for mathematical optimization problems},
	author = {Beno{\^i}t Legat and Oscar Dowson and Joaquim Dias Garcia and Miles Lubin},
	year = {2020},
	eprint = {2002.03447},
	archivePrefix = {arXiv},
	primaryClass = {math.OC},
	url = {https://arxiv.org/abs/2002.03447},
}

@article{DunningHuchetteLubin2017,
	author = {Iain Dunning and Joey Huchette and Miles Lubin},
	title = {{JuMP}: {A} {M}odeling {L}anguage for {M}athematical {O}ptimization},
	journal = {SIAM Review},
	volume = {59},
	number = {2},
	pages = {295-320},
	year = {2017},
	doi = {10.1137/15M1020575},
}

@article{MathOptInterface-2021,
	title={{M}ath{O}pt{I}nterface: a data structure for mathematical optimization problems},
	author={Legat, Benoit and Dowson, Oscar and Garcia, Joaquim and Lubin, Miles},
	journal={INFORMS Journal on Computing},
	year={in press},
	publisher={INFORMS}
}

@misc{sidrane2021overt,
	title={{OVERT}: An Algorithm for Safety Verification of Neural Network Control Policies for Nonlinear Systems}, 
	author={Chelsea Sidrane and Amir Maleki and Ahmed Irfan and Mykel J. Kochenderfer},
	year={2021},
	eprint={2108.01220},
	archivePrefix={arXiv},
	primaryClass={cs.LG}
}

@inproceedings{soto2021synthesis,
  author    = {Miriam Garc{\'{\i}}a Soto and
               Thomas A. Henzinger and
               Christian Schilling},
  title     = {Synthesis of hybrid automata with affine dynamics from time-series
               data},
  booktitle = {{HSCC}},
  pages     = {2:1--2:11},
  publisher = {{ACM}},
  year      = {2021},
  doi       = {10.1145/3447928.3456704}
}

@inproceedings{forets2021reachability,
  author    = {Forets, Marcelo and Schilling, Christian},
  title     = {Reachability of weakly nonlinear systems using {C}arleman linearization},
  booktitle = {{RP}},
  series    = {LNCS},
  volume    = {13035},
  pages     = {85--99},
  year      = {2021},
  doi       = {10.1007/978-3-030-89716-1\_6}
}

@article{schilling2021verification,
	title={Verification of Neural-Network Control Systems by Integrating Taylor Models and Zonotopes
	},
	author={Schilling, Christian and Forets, Marcelo and Guadalupe, Sebastian},
	journal={Submitted.},
	year={2021}
}

@article{forets2021combining,
	title={Combining Set Propagation with Finite Element Methods for Time Integration in Transient Solid Mechanics Problems},
	author={Forets, Marcelo and Caporale, Daniel Freire and Zerpa, Jorge M P{\'e}rez},
	journal={CoRR},
	year={2021},
	url       = {https://arxiv.org/abs/2105.05841},
	eprinttype = {arXiv},
	eprint    = {2105.05841}
}

@inproceedings{forets2020efficient,
	title={Efficient reachability analysis of parametric linear hybrid systems with time-triggered transitions},
	author={Forets, Marcelo and Freire, Daniel and Schilling, Christian},
  booktitle = {{MEMOCODE}},
  pages     = {1--6},
  publisher = {{IEEE}},
  year      = {2020},
  doi       = {10.1109/MEMOCODE51338.2020.9314994}
}

@article{bezanson2017julia,
  title={Julia: A fresh approach to numerical computing},
  author={Bezanson, Jeff and Edelman, Alan and Karpinski, Stefan and Shah, Viral B},
  journal={SIAM review},
  volume={59},
  number={1},
  pages={65--98},
  year={2017},
  publisher={SIAM},
  doi       = {10.1137/141000671}
}

@phdthesis{LeGuernic09,
	author    = {Colas {Le Guernic}},
	title     = {Reachability analysis of hybrid systems with linear continuous dynamics},
	school    = {Universit{\'e} Grenoble 1 - Joseph Fourier},
	year      = {2009}
}

@article{althoff2020set,
	title={Set Propagation Techniques for Reachability Analysis},
	author={Althoff, Matthias and Frehse, Goran and Girard, Antoine},
	journal={Annual Review of Control, Robotics, and Autonomous Systems},
	volume={4},
	year={2020},
	publisher={Annual Reviews},
	number = {1},
	pages = {369-395},
	doi = {10.1146/annurev-control-071420-081941}
}

@inproceedings{BogomolovFFVPS18,
	author    = {Sergiy Bogomolov and
	Marcelo Forets and
	Goran Frehse and
	Fr{\'{e}}d{\'{e}}ric Viry and
	Andreas Podelski and
	Christian Schilling},
	title     = {Reach Set Approximation through Decomposition with Low-dimensional
	Sets and High-dimensional Matrices},
	booktitle = {{HSCC}},
	pages     = {41--50},
	publisher = {{ACM}},
	year      = {2018},
	doi       = {10.1145/3178126.3178128}
}

@inproceedings{SchuppAMK17,
  author    = {Stefan Schupp and
               Erika {\'{A}}brah{\'{a}}m and
               Ibtissem Ben Makhlouf and
               Stefan Kowalewski},
  title     = {{HyPro}: {A} {C}++ Library of State Set Representations for Hybrid Systems
               Reachability Analysis},
  booktitle = {{NFM}},
  series    = {LNCS},
  volume    = {10227},
  pages     = {288--294},
  year      = {2017},
  doi       = {10.1007/978-3-319-57288-8\_20}
}

@misc{TaylorModels.jl,
  author       = {Luis Benet and
                  David P. Sanders},
  title        = {{JuliaIntervals/{T}aylor{M}odels.jl}},
  year         = 2021,
  doi          = {10.5281/zenodo.2613102},
  url          = {https://doi.org/10.5281/zenodo.2613102},
  howpublished = {\url{https://github.com/JuliaIntervals/TaylorModels.jl}}
}

@inproceedings{BenetFSS19,
  author = {Benet, Luis and Forets, Marcelo and Sanders, David P. and Schilling, Christian},
  title = {TaylorModels.jl: {T}aylor models in Julia and its application to validated solutions of {ODE}s},
  booktitle = {{SWIM}},
  year = {2019},
  url = {https://swim2019.ensta-paristech.fr/}
}

@inproceedings{Althoff15,
  author    = {Matthias Althoff},
  title     = {An Introduction to {CORA} 2015},
  booktitle = {ARCH@CPSWeek},
  series    = {EPiC Series in Computing},
  volume    = {34},
  pages     = {120--151},
  publisher = {EasyChair},
  year      = {2015},
  doi       = {10.29007/zbkv}
}

@inproceedings{frehse2011spaceex,
  author    = {Goran Frehse and
               Colas Le Guernic and
               Alexandre Donz{\'{e}} and
               Scott Cotton and
               Rajarshi Ray and
               Olivier Lebeltel and
               Rodolfo Ripado and
               Antoine Girard and
               Thao Dang and
               Oded Maler},
  title     = {{SpaceEx}: Scalable Verification of Hybrid Systems},
  booktitle = {{CAV}},
  series    = {LNCS},
  volume    = {6806},
  pages     = {379--395},
  publisher = {Springer},
  year      = {2011},
  doi       = {10.1007/978-3-642-22110-1\_30}
}

@inproceedings{kurzhanskiy2006ellipsoidal,
  author    = {Alexander A. Kurzhanskiy and
               Pravin Varaiya},
  title     = {Ellipsoidal Toolbox (ET)},
  booktitle = {{CDC}},
  year      = {2006},
  pages     = {1498-1503},
  doi       = {10.1109/CDC.2006.377036}
}

@inproceedings{BogomolovFFPS19,
  author    = {Sergiy Bogomolov and
               Marcelo Forets and
               Goran Frehse and
               Kostiantyn Potomkin and
               Christian Schilling},
  title     = {{JuliaReach}: a toolbox for set-based reachability},
  booktitle = {{HSCC}},
  pages     = {39--44},
  publisher = {{ACM}},
  year      = {2019},
  doi       = {10.1145/3302504.3311804}
}

@article{LiuALSBK21,
  author    = {Changliu Liu and
               Tomer Arnon and
               Christopher Lazarus and
               Christopher A. Strong and
               Clark W. Barrett and
               Mykel J. Kochenderfer},
  title     = {Algorithms for Verifying Deep Neural Networks},
  journal   = {Found. Trends Optim.},
  volume    = {4},
  number    = {3-4},
  pages     = {244--404},
  year      = {2021},
  doi       = {10.1561/2400000035}
}

@article{bogomolov2020reachability,
	title={Reachability analysis of linear hybrid systems via block decomposition},
	author={Bogomolov, Sergiy and Forets, Marcelo and Frehse, Goran and Potomkin, Kostiantyn and Schilling, Christian},
	journal   = {{IEEE} Trans. Comput. Aided Des. Integr. Circuits Syst.},
	volume={39},
	number={11},
	pages={4018--4029},
	year={2020},
	publisher={IEEE},
	url       = {https://doi.org/10.1109/TCAD.2020.3012859},
	doi       = {10.1109/TCAD.2020.3012859}
}
